@inproceedings{Gepetto,
  author    = {C. Costello and
               C. Fournet and
               J. Howell and
               M. Kohlweiss and
               B. Kreuter and
               M. Naehrig and
               B. Parno and
               S. Zahur},
  title     = {Geppetto: Versatile Verifiable Computation},
  booktitle = {2015 {IEEE} Symposium on Security and Privacy, {SP} 2015, San Jose,
               CA, USA, May 17-21, 2015},
  pages     = {253--270},
  year      = {2015},
}
@inproceedings{BCTV,
  author    = {E. Ben{-}Sasson and
               A. Chiesa and
               E. Tromer and
               M. Virza},
  title     = {Succinct Non-Interactive Zero Knowledge for a von Neumann Architecture},
  booktitle = {Proceedings of the 23rd {USENIX} Security Symposium, San Diego, CA,
               USA, August 20-22, 2014.},
  pages     = {781--796},
  year      = {2014},
}

@inproceedings{Naor03,
  author    = {M. Naor},
  title     = {On Cryptographic Assumptions and Challenges},
  booktitle = {Advances in Cryptology - {CRYPTO} 2003, 23rd Annual International
               Cryptology Conference, Santa Barbara, California, USA, August 17-21,
               2003, Proceedings},
  pages     = {96--109},
  year      = {2003}}
  
  @inproceedings{GW11,
  author    = {C. Gentry and
               D. Wichs},
  title     = {Separating succinct non-interactive arguments from all falsifiable
               assumptions},
  booktitle = {Proceedings of the 43rd {ACM} Symposium on Theory of Computing, {STOC}
               2011, San Jose, CA, USA, 6-8 June 2011},
  pages     = {99--108},
  year      = {2011}}
  
  
@inproceedings{GGPR,
  author    = {R. Gennaro and
               C. Gentry and
               B. Parno and
               M. Raykova},
  title     = {Quadratic Span Programs and Succinct NIZKs without PCPs},
  booktitle = {Advances in Cryptology - {EUROCRYPT} 2013, 32nd Annual International
               Conference on the Theory and Applications of Cryptographic Techniques,
               Athens, Greece, May 26-30, 2013. Proceedings},
  pages     = {626--645},
  year      = {2013},}
@article{PHGR,
  author    = {B. Parno and
               J. Howell and
               C. Gentry and
               M. Raykova},
  title     = {Pinocchio: nearly practical verifiable computation},
  journal   = {Commun. {ACM}},
  volume    = {59},
  number    = {2},
  pages     = {103--112},
  year      = {2016},
  url       = {http://doi.acm.org/10.1145/2856449},
  doi       = {10.1145/2856449},
  timestamp = {Thu, 25 Feb 2016 18:39:51 +0100},
  biburl    = {http://dblp.uni-trier.de/rec/bib/journals/cacm/ParnoHG016},
  bibsource = {dblp computer science bibliography, http://dblp.org}
}
@inproceedings{Schnorr,
  author    = {C. Schnorr},
  title     = {Efficient Identification and Signatures for Smart Cards},
  booktitle = {Advances in Cryptology - {CRYPTO} '89, 9th Annual International Cryptology
               Conference, Santa Barbara, California, USA, August 20-24, 1989, Proceedings},
  pages     = {239--252},
  year      = {1989},
  }
  
  @inproceedings{BCGTV15,
  author    = {E. Ben{-}Sasson and
               A. Chiesa and
               M. Green and
               E. Tromer and
               M. Virza},
  title     = {Secure Sampling of Public Parameters for Succinct Zero Knowledge Proofs},
  booktitle = {2015 {IEEE} Symposium on Security and Privacy, {SP} 2015, San Jose,
               CA, USA, May 17-21, 2015},
  pages     = {287--304},
  year      = {2015},}
  @inproceedings{BCPR14,
  author    = {N. Bitansky and
               R. Canetti and
               O. Paneth and
               A. Rosen},
  title     = {On the existence of extractable one-way functions},
  booktitle = {Symposium on Theory of Computing, {STOC} 2014, New York, NY, USA,
               May 31 - June 03, 2014},
  pages     = {505--514},
  year      = {2014},}
 @article{CGGN,
  author    = {M. Campanelli and R. Gennaro and S. Goldfeder and L. Nizzardo},
  title     = {Zero-Knowledge Contingent Payments Revisited: Attacks and Payments for Services},
  journal   = {Commun. {ACM}},
  year      = {2017},
} 


@article{BFS16,
  author    = {M. Bellare and
               G. Fuchsbauer and
               A. Scafuro},
  title     = {NIZKs with an Untrusted {CRS:} Security in the Face of Parameter Subversion},
  journal   = {{IACR} Cryptology ePrint Archive},
  volume    = {2016},
  pages     = {372},
  year      = {2016},
  url       = {http://eprint.iacr.org/2016/372},
  timestamp = {Thu, 08 Jun 2017 14:26:35 +0200},
  biburl    = {http://dblp.uni-trier.de/rec/bib/journals/iacr/BellareFS16},
  bibsource = {dblp computer science bibliography, http://dblp.org}
}
@article{F17,
  author    = {G. Fuchsbauer},
  title     = {Subversion zero-knowledge SNARKs},
  year      = {2017},
}


@article{ABLZ17,
  author    = {B. Abdolmaleki and K. Baghery and H. Lipmaa and M. ZajÄ…c},
  title     = {A Subversion-Resistant SNARK},
  year      = {2017},
}
@misc{zcash,
  author = {Zcash}
  title = {https://www.z.cash},
 }
@misc{zcashceremony,
  author = {Z. Wilcox},
  title = {https://z.cash/blog/the-design-of-the-ceremony.html},
 }
@misc{libsnark,
  title = {https://github.com/scipr-lab/libsnark},
 }
@misc{snarkjs,
  title = {https://github.com/iden3/snarkjs}
}
 
 @inproceedings{Groth16,
  author    = {J. Groth},
  title     = {On the Size of Pairing-Based Non-interactive Arguments},
  booktitle = {Advances in Cryptology - {EUROCRYPT} 2016 - 35th Annual International
               Conference on the Theory and Applications of Cryptographic Techniques,
               Vienna, Austria, May 8-12, 2016, Proceedings, Part {II}},
  pages     = {305--326},
  year      = {2016},
}
@article{FirstMPC,
  author    = {S. Bowe and
               A. Gabizon and
               M. D. Green},
  title     = {A multi-party protocol for constructing the public parameters of the
               Pinocchio zk-SNARK},
  journal   = {{IACR} Cryptology ePrint Archive},
  volume    = {2017},
  pages     = {602},
  year      = {2017},
  url       = {http://eprint.iacr.org/2017/602},
}@misc{SecondMPC,
    author = {S. Bowe and A. Gabizon and I. Miers},
    title = {Scalable Multi-party Computation for zk-SNARK Parameters in the Random Beacon Model},
    howpublished = {Cryptology ePrint Archive, Report 2017/1050},
    year = {2017},
    note = {\url{https://eprint.iacr.org/2017/1050}},
}


@inproceedings{GM17,
  author    = {J. Groth and
               M. Maller},
  title     = {Snarky Signatures: Minimal Signatures of Knowledge from Simulation-Extractable
               SNARKs},
  booktitle = {Advances in Cryptology - {CRYPTO} 2017 - 37th Annual International
               Cryptology Conference, Santa Barbara, CA, USA, August 20-24, 2017,
               Proceedings, Part {II}},
  pages     = {581--612},
  year      = {2017},
  }
  
  
  
  @inproceedings{DFGK14,
  author    = {G. Danezis and
               C. Fournet and
               J. Groth and
               M. Kohlweiss},
  title     = {Square Span Programs with Applications to Succinct {NIZK} Arguments},
  booktitle = {Advances in Cryptology - {ASIACRYPT} 2014 - 20th International Conference
               on the Theory and Application of Cryptology and Information Security,
               Kaoshiung, Taiwan, R.O.C., December 7-11, 2014. Proceedings, Part
               {I}},
  pages     = {532--550},
  year      = {2014},}
  
 @misc{libsnarkStats,
    note = {\url{https://github.com/scipr-lab/libsnark/tree/master/libsnark/zk_proof_systems/ppzksnark}},
}



@article{BGG,
  author    = {S. Bowe and
               A. Gabizon and
               M. D. Green},
  title     = {A multi-party protocol for constructing the public parameters of the
               Pinocchio zk-SNARK},
  journal   = {{IACR} Cryptology ePrint Archive},
  volume    = {2017},
  pages     = {602},
  year      = {2017},
 }
 
 
 @article{Parno15,
  author    = {B. Parno},
  title     = {A Note on the Unsoundness of vnTinyRAM's {SNARK}},
  journal   = {{IACR} Cryptology ePrint Archive},
  volume    = {2015},
  pages     = {437},
  year      = {2015},
 }
 
 
 
 @inproceedings{Adsnark ,
  author    = {M. Backes and
               M. Barbosa and
               D. Fiore and
               R. M. Reischuk},
  title     = {{ADSNARK:} Nearly Practical and Privacy-Preserving Proofs on Authenticated
               Data},
  booktitle = {2015 {IEEE} Symposium on Security and Privacy, {SP} 2015, San Jose,
               CA, USA, May 17-21, 2015},
  pages     = {271--286},
  year      = {2015},
  crossref  = {DBLP:conf/sp/2015},
  url       = {https://doi.org/10.1109/SP.2015.24},
  doi       = {10.1109/SP.2015.24},
  timestamp = {Thu, 15 Jun 2017 21:41:04 +0200},
  biburl    = {https://dblp.org/rec/bib/conf/sp/0001BFR15},
  bibsource = {dblp computer science bibliography, https://dblp.org}
}



@inproceedings{Fuchsbauer18,
  author    = {G. Fuchsbauer},
  title     = {Subversion-Zero-Knowledge SNARKs},
  booktitle = {Public-Key Cryptography - {PKC} 2018 - 21st {IACR} International Conference
               on Practice and Theory of Public-Key Cryptography, Rio de Janeiro,
               Brazil, March 25-29, 2018, Proceedings, Part {I}},
  pages     = {315--347},
  year      = {2018},
  crossref  = {DBLP:conf/pkc/2018-1},
  url       = {https://doi.org/10.1007/978-3-319-76578-5\_11},
  doi       = {10.1007/978-3-319-76578-5\_11},
  timestamp = {Fri, 02 Nov 2018 09:42:29 +0100},
  biburl    = {https://dblp.org/rec/bib/conf/pkc/Fuchsbauer18},
  bibsource = {dblp computer science bibliography, https://dblp.org}
}



@article{BG18,
  author    = {S. Bowe and
               A. Gabizon},
  title     = {Making {Groth}'s zk-{SNARK} Simulation Extractable in the Random Oracle
               Model},
  journal   = {{IACR} Cryptology ePrint Archive},
  volume    = {2018},
  pages     = {187},
  year      = {2018},}

  
  
  @article{BCPR13,
  author    = {N. Bitansky and
               R. Canetti and
               O. Paneth and
               A. Rosen},
  title     = {Indistinguishability Obfuscation vs. Auxiliary-Input Extractable Functions:
               One Must Fall},
  journal   = {{IACR} Cryptology ePrint Archive},
  volume    = {2013},
  pages     = {641},
  year      = {2013},}
  
  
  @inproceedings{Groth10,
  author    = {J. Groth},
  title     = {Short Pairing-Based Non-interactive Zero-Knowledge Arguments},
  booktitle = {Advances in Cryptology - {ASIACRYPT} 2010 - 16th International Conference
               on the Theory and Application of Cryptology and Information Security,
               Singapore, December 5-9, 2010. Proceedings},
  pages     = {321--340},
  year      = {2010},
}

@inproceedings{aurora,
  author    = {E. Ben{-}Sasson and
               A. Chiesa and
               M. Riabzev and
               N. Spooner and
               M. Virza and
               N. P. Ward},
  title     = {Aurora: Transparent Succinct Arguments for {R1CS}},
  booktitle = {Advances in Cryptology - {EUROCRYPT} 2019 - 38th Annual International
               Conference on the Theory and Applications of Cryptographic Techniques,
               Darmstadt, Germany, May 19-23, 2019, Proceedings, Part {I}},
  pages     = {103--128},
  year      = {2019},
 }
 @article{sonic,
  author    = {M. Maller and
               S. Bowe and
               M. Kohlweiss and
               S. Meiklejohn},
  title     = {Sonic: Zero-Knowledge SNARKs from Linear-Size Universal and Updateable
               Structured Reference Strings},
  journal   = {{IACR} Cryptology ePrint Archive},
  volume    = {2019},
  pages     = {99},
  year      = {2019},
  url       = {https://eprint.iacr.org/2019/099}}
  
  @inproceedings{BCGRS,
  author    = {E. Ben{-}Sasson and
               A. Chiesa and
               A. Gabizon and
               M. Riabzev and
               N. Spooner},
  title     = {Interactive Oracle Proofs with Constant Rate and Query Complexity},
  booktitle = {44th International Colloquium on Automata, Languages, and Programming,
               {ICALP} 2017, July 10-14, 2017, Warsaw, Poland},
  pages     = {40:1--40:15},
  year      = {2017},
  }
  @article{BFL,
  author    = {L. Babai and
               L. Fortnow and
               C. Lund},
  title     = {Non-Deterministic Exponential Time has Two-Prover Interactive Protocols},
  journal   = {Computational Complexity},
  volume    = {1},
  pages     = {3--40},
  year      = {1991},}
  
  @article{BSS,
  author    = {E. Ben{-}Sasson and
               M. Sudan},
  title     = {Short PCPs with Polylog Query Complexity},
  journal   = {{SIAM} J. Comput.},
  volume    = {38},
  number    = {2},
  pages     = {551--607},
  year      = {2008},
  }
  
  
  @inproceedings{bootle,
  author    = {J. Bootle and
               A. Cerulli and
               P. Chaidos and
               J. Groth and
               C. Petit},
  title     = {Efficient Zero-Knowledge Arguments for Arithmetic Circuits in the
               Discrete Log Setting},
  booktitle = {Advances in Cryptology - {EUROCRYPT} 2016 - 35th Annual International
               Conference on the Theory and Applications of Cryptographic Techniques,
               Vienna, Austria, May 8-12, 2016, Proceedings, Part {II}},
  pages     = {327--357},
  year      = {2016},
 }
 @inproceedings{kate,
  author    = {A. Kate and
               G. M. Zaverucha and
               I. Goldberg},
  title     = {Constant-Size Commitments to Polynomials and Their Applications},
  booktitle = {Advances in Cryptology - {ASIACRYPT} 2010 - 16th International Conference
               on the Theory and Application of Cryptology and Information Security,
               Singapore, December 5-9, 2010. Proceedings},
  pages     = {177--194},
  year      = {2010},
}
@inproceedings{BCGV,
  author    = {E. Ben{-}Sasson and
               A. Chiesa and
               A. Gabizon and
               M. Virza},
  title     = {Quasi-Linear Size Zero Knowledge from Linear-Algebraic PCPs},
  booktitle = {Theory of Cryptography - 13th International Conference, {TCC} 2016-A,
               Tel Aviv, Israel, January 10-13, 2016, Proceedings, Part {II}},
  pages     = {33--64},
  year      = {2016},}
